
    <zs:record>
      <zs:recordSchema/>
      <zs:recordPacking>xml</zs:recordPacking>
      <zs:recordData>
        <record xmlns="http://www.loc.gov/MARC21/slim">
          <leader>01574cam a22003491  4500</leader>
          <controlfield tag="001">8275422</controlfield>
          <controlfield tag="005">20231018144723.0</controlfield>
          <controlfield tag="008">780804s1928    enkh          000 0 enm  </controlfield>
          <datafield tag="906" ind1=" " ind2=" ">
            <subfield code="a">7</subfield>
            <subfield code="b">cbc</subfield>
            <subfield code="c">oclcrpl</subfield>
            <subfield code="d">u</subfield>
            <subfield code="e">ncip</subfield>
            <subfield code="f">19</subfield>
            <subfield code="g">y-gencatlg</subfield>
          </datafield>
          <datafield tag="010" ind1=" " ind2=" ">
            <subfield code="a">   29010787 </subfield>
          </datafield>
          <datafield tag="035" ind1=" " ind2=" ">
            <subfield code="9">(DLC)   29010787</subfield>
          </datafield>
          <datafield tag="035" ind1=" " ind2=" ">
            <subfield code="a">(OCoLC)4110263</subfield>
          </datafield>
          <datafield tag="040" ind1=" " ind2=" ">
            <subfield code="a">DLC</subfield>
            <subfield code="c">OCX</subfield>
            <subfield code="d">OCX</subfield>
            <subfield code="d">DLC</subfield>
          </datafield>
          <datafield tag="041" ind1="0" ind2=" ">
            <subfield code="a">enmlat</subfield>
          </datafield>
          <datafield tag="050" ind1="0" ind2="0">
            <subfield code="a">PR1119</subfield>
            <subfield code="b">.A2 no. 175</subfield>
            <subfield code="a">PR2209.B3</subfield>
          </datafield>
          <datafield tag="100" ind1="1" ind2=" ">
            <subfield code="a">Barclay, Alexander,</subfield>
            <subfield code="d">1475?-1552.</subfield>
          </datafield>
          <datafield tag="245" ind1="0" ind2="4">
            <subfield code="a">The eclogues of Alexander Barclay from the original edition by John Cawood,</subfield>
            <subfield code="c">edited with an introduction and notes by Beatrice White, M. A.</subfield>
          </datafield>
          <datafield tag="260" ind1=" " ind2=" ">
            <subfield code="a">London,</subfield>
            <subfield code="b">Pub. for the Early English Society by H. Milford, Oxford University Press,</subfield>
            <subfield code="c">1928.</subfield>
          </datafield>
          <datafield tag="300" ind1=" " ind2=" ">
            <subfield code="a">lxv, 272 p.</subfield>
            <subfield code="b">facsim.</subfield>
            <subfield code="c">23 cm.</subfield>
          </datafield>
          <datafield tag="490" ind1="0" ind2=" ">
            <subfield code="a">Early English text society. Original series, no. 175. 1928 (for 1927)</subfield>
          </datafield>
          <datafield tag="500" ind1=" " ind2=" ">
            <subfield code="a">With facsimile of original t.-p.</subfield>
          </datafield>
          <datafield tag="500" ind1=" " ind2=" ">
            <subfield code="a">The first three eclogues are adaptations of the Miseriæ curialium of Ænius Sylvius (Pius II) and the last two paraphrases of Mantuan's fifth and sixth eclogues.</subfield>
          </datafield>
          <datafield tag="500" ind1=" " ind2=" ">
            <subfield code="a">Latin sources--parallel passages--at front of pages.</subfield>
          </datafield>
          <datafield tag="500" ind1=" " ind2=" ">
            <subfield code="a">Life of Barclay: p.i-liv.</subfield>
          </datafield>
          <datafield tag="500" ind1=" " ind2=" ">
            <subfield code="a">Early English Text Society's List of publications, etc. (8 p.) at end.</subfield>
          </datafield>
          <datafield tag="650" ind1=" " ind2="0">
            <subfield code="a">Pastoral poetry, English.</subfield>
          </datafield>
          <datafield tag="650" ind1=" " ind2="0">
            <subfield code="a">Country life</subfield>
            <subfield code="x">Poetry.</subfield>
          </datafield>
          <datafield tag="700" ind1="0" ind2=" ">
            <subfield code="a">Pius</subfield>
            <subfield code="b">II,</subfield>
            <subfield code="c">Pope,</subfield>
            <subfield code="d">1405-1464.</subfield>
          </datafield>
          <datafield tag="700" ind1="0" ind2=" ">
            <subfield code="a">Baptista,</subfield>
            <subfield code="c">Mantuanus,</subfield>
            <subfield code="d">1447-1516.</subfield>
          </datafield>
          <datafield tag="700" ind1="1" ind2=" ">
            <subfield code="a">White, Beatrice,</subfield>
            <subfield code="d">1902-1986,</subfield>
            <subfield code="e">ed.</subfield>
          </datafield>
          <datafield tag="985" ind1=" " ind2=" ">
            <subfield code="e">OCLC REPLACEMENT</subfield>
          </datafield>
          <datafield tag="991" ind1=" " ind2=" ">
            <subfield code="b">c-GenColl</subfield>
            <subfield code="h">PR1119</subfield>
            <subfield code="i">.A2 no. 175</subfield>
            <subfield code="t">Copy 1</subfield>
            <subfield code="w">OCLCREP</subfield>
          </datafield>
        </record>
      </zs:recordData>
      <zs:recordPosition>2</zs:recordPosition>
    </zs:record>