
    <zs:record>
      <zs:recordSchema/>
      <zs:recordPacking>xml</zs:recordPacking>
      <zs:recordData>
        <record xmlns="http://www.loc.gov/MARC21/slim">
          <leader>01052cam a22002771  4500</leader>
          <controlfield tag="001">5947017</controlfield>
          <controlfield tag="005">20101001122913.0</controlfield>
          <controlfield tag="008">860122s1932    enkh          000 0 lat  </controlfield>
          <datafield tag="906" ind1=" " ind2=" ">
            <subfield code="a">7</subfield>
            <subfield code="b">cbc</subfield>
            <subfield code="c">oclcrpl</subfield>
            <subfield code="d">u</subfield>
            <subfield code="e">ncip</subfield>
            <subfield code="f">19</subfield>
            <subfield code="g">y-gencatlg</subfield>
          </datafield>
          <datafield tag="010" ind1=" " ind2=" ">
            <subfield code="a">   33006658 </subfield>
          </datafield>
          <datafield tag="035" ind1=" " ind2=" ">
            <subfield code="9">(DLC)   33006658</subfield>
          </datafield>
          <datafield tag="035" ind1=" " ind2=" ">
            <subfield code="a">(OCoLC)17523733</subfield>
          </datafield>
          <datafield tag="040" ind1=" " ind2=" ">
            <subfield code="a">DLC</subfield>
            <subfield code="c">IeMnSPC</subfield>
            <subfield code="d">CCC</subfield>
            <subfield code="d">DLC</subfield>
          </datafield>
          <datafield tag="050" ind1="0" ind2="0">
            <subfield code="a">PR1119</subfield>
            <subfield code="b">.A2 no. 187</subfield>
          </datafield>
          <datafield tag="082" ind1=" " ind2=" ">
            <subfield code="a">820.8001</subfield>
          </datafield>
          <datafield tag="100" ind1="1" ind2=" ">
            <subfield code="a">Stanbridge, John,</subfield>
            <subfield code="d">1463-1510.</subfield>
          </datafield>
          <datafield tag="245" ind1="1" ind2="3">
            <subfield code="a">The Vulgaria of John Stanbridge. and the Vulgaria of Robert Whittinton /</subfield>
            <subfield code="c">ed. with an introd. and notes by Beatrice White.</subfield>
          </datafield>
          <datafield tag="260" ind1=" " ind2=" ">
            <subfield code="a">London :</subfield>
            <subfield code="b">Kegan Paul, Trench, Trübner for the Early English Text Society,</subfield>
            <subfield code="c">1932.</subfield>
          </datafield>
          <datafield tag="300" ind1=" " ind2=" ">
            <subfield code="a">lxi, 146 p. 4 leaves of plates :</subfield>
            <subfield code="b">ill., facsims.</subfield>
          </datafield>
          <datafield tag="440" ind1=" " ind2="0">
            <subfield code="a">Early English Text Society.</subfield>
            <subfield code="p">Original series ;</subfield>
            <subfield code="v">187.</subfield>
          </datafield>
          <datafield tag="504" ind1=" " ind2=" ">
            <subfield code="a">Includes notes</subfield>
          </datafield>
          <datafield tag="650" ind1=" " ind2="0">
            <subfield code="a">Latin language</subfield>
            <subfield code="x">Grammar</subfield>
            <subfield code="x">Early works to 1800.</subfield>
          </datafield>
          <datafield tag="700" ind1="1" ind2=" ">
            <subfield code="a">White, Beatrice,</subfield>
            <subfield code="d">1902-1986.</subfield>
          </datafield>
          <datafield tag="985" ind1=" " ind2=" ">
            <subfield code="e">OCLC REPLACEMENT</subfield>
          </datafield>
          <datafield tag="985" ind1=" " ind2=" ">
            <subfield code="g">fcd</subfield>
          </datafield>
          <datafield tag="991" ind1=" " ind2=" ">
            <subfield code="b">c-GenColl</subfield>
            <subfield code="h">PR1119</subfield>
            <subfield code="i">.A2 no. 187</subfield>
            <subfield code="t">Copy 1</subfield>
            <subfield code="w">OCLCREP</subfield>
          </datafield>
        </record>
      </zs:recordData>
      <zs:recordPosition>4</zs:recordPosition>
    </zs:record>